02RETORNO01COBRANCA       057400412557        ACQUASANA TRANSP EFUENTES LT  341BANCO ITAU S.A.01031101600BPI00374020311                                                                                                                                                                                                                                                                                   000001
10209466930000100057400412557                                 00000158            109000001585             I06280211000257    00000158            28021100000000124000410130517000000000029400000000000000000000000000000000000000000000000000000000000000000000000001210600000000000000000000000000   02031100000000000000000000000HOTEL DALLONDER FILIAL1                                             B3000002
10209466930000100057400412557                                 00000168            109000001684             I06280211000258    00000168            28021100000000124000010181817000000000029400000000000000000000000000000000000000000000000000000000000000000000000001210600000000000000000000000000   02031100000000000000000000000COND. ED. VITTORIA FLAT                                             B3000003
10209466930000100057400412557                                 00000197            109000001973             I06280211000276    00000197            27021100000000460000010465517000000000029400000000000000000000000000000000000000000000000000000000000000000000000004570600000000000000000000000000   02031100000000000000000000000HOSPITAL BENEFICENTE SAO PEDRO                                      B3000004
9201341          000000000000000000000000000000          000000000000000000000000000000                                                  000000000000000000000000000000          0000003900000002587000  02/03S003740000000300000000070800                                                                                                                                                                000005
