01REMESSA01COBRANCA       057400412557        Acquasana Transportes de Eflue341BANCO ITAU SA  170111                                                                                                                                                                                                                                                                                                 S202C000001
10209466930000100057400412557                                 000001900000000000000109                     I01000273    12021100000001490003410000017N170111090000000000002980000000000000000000000000000000000000000000000200805870000138HYVA DO BRASIL HIDRAULICA LTDA          RUA ERNESTO ZANROSSO  2794              STA CATARINA95030310CAXIAS DO SUL  RS                                  00000005 000002
9                                                                                                                                                                                                                                                                                                                                                                                                         000003
